<collection xmlns="http://www.loc.gov/MARC21/slim">
   <record>
      <leader>02572cam a2200361   4500</leader>
      <controlfield tag="001">6711686</controlfield>
      <controlfield tag="003">OCoLC</controlfield>
      <controlfield tag="005">20141023162821.0</controlfield>
      <controlfield tag="008">140909q2015    xx            000 0 eng d</controlfield>
      <datafield ind1=" " ind2=" " tag="020">
         <subfield code="a">3662440954</subfield>
      </datafield>
      <datafield ind1=" " ind2=" " tag="020">
         <subfield code="a">9783662440957</subfield>
      </datafield>
      <datafield ind1=" " ind2=" " tag="035">
         <subfield code="a">ocn890251757</subfield>
      </datafield>
      <datafield ind1=" " ind2=" " tag="040">
         <subfield code="a">YDXCP</subfield>
         <subfield code="b">eng</subfield>
         <subfield code="c">YDXCP</subfield>
         <subfield code="d">OCLCO</subfield>
         <subfield code="d">GZU</subfield>
         <subfield code="d">BTCTA</subfield>
         <subfield code="d">AFMK</subfield>
      </datafield>
      <datafield ind1=" " ind2="4" tag="050">
         <subfield code="a">RC1235</subfield>
         <subfield code="b">.I93 2015</subfield>
      </datafield>
      <datafield ind1="0" ind2="4" tag="082">
         <subfield code="a">612/.044</subfield>
         <subfield code="2">23</subfield>
      </datafield>
      <datafield ind1=" " ind2=" " tag="090">
         <subfield code="a">RC 1235 I93 2015</subfield>
         <subfield code="b">AFMK</subfield>
      </datafield>
      <datafield ind1="1" ind2=" " tag="100">
         <subfield code="a">Ivancevic, Tijana,</subfield>
         <subfield code="e">author.</subfield>
         <subfield code="0">http://viaf.org/viaf/65183228</subfield>
      </datafield>
      <datafield ind1="0" ind2="0" tag="245">
         <subfield code="a">Enhancing performance and reducing stress in sports :</subfield>
         <subfield code="b">technological advances /</subfield>
         <subfield code="c">by Tijana Ivancevic, Helen Greenberg, and Ronald Greenberg.</subfield>
      </datafield>
      <datafield ind1=" " ind2=" " tag="260">
         <subfield code="a">Heidelberg ; New York ; Dordrecht ; London :</subfield>
         <subfield code="b">Springer-Verlag</subfield>
         <subfield code="c">©2015.</subfield>
      </datafield>
      <datafield ind1=" " ind2=" " tag="300">
         <subfield code="a">213 pages :</subfield>
         <subfield code="b">illustrations ;</subfield>
         <subfield code="c">24 cm.</subfield>
      </datafield>
      <datafield ind1=" " ind2=" " tag="336">
         <subfield code="a">text</subfield>
         <subfield code="2">rdacontent</subfield>
         <subfield code="0">http://id.loc.gov/vocabulary/contentTypes/txt</subfield>
      </datafield>
      <datafield ind1=" " ind2=" " tag="337">
         <subfield code="a">unmediated</subfield>
         <subfield code="2">rdamedia</subfield>
         <subfield code="0">http://id.loc.gov/vocabulary/mediaTypes/n</subfield>
      </datafield>
      <datafield ind1=" " ind2=" " tag="338">
         <subfield code="a">volume</subfield>
         <subfield code="2">rdacarrier</subfield>
         <subfield code="0">http://id.loc.gov/vocabulary/carriers/nc</subfield>
      </datafield>
      <datafield ind1="0" ind2=" " tag="490">
         <subfield code="a">Cognitive Systems Monographs 24</subfield>
      </datafield>
      <datafield ind1=" " ind2=" " tag="520">
         <subfield code="a">This book is designed to help athletes and individuals interested in high sports performance in their journey towards the perfection of human sports abilities and achievements. It has two main goals: accelerating the acquisition of motor skills and preparing and vigilantly reducing the recovery time after training and competition. The Diamond Sports Protocol (DSP) presents state-of-the-art techniques for current sport and health technologies, particularly neuromuscular electrical stimulation (Sports Wave), oxygen infusion (Oxy Sports), infrared (Sports Infrared Dome) and lactic acid cleaning (Turbo Sports). The book suggest DSP as an essential part of every future athlete's training, competition and health maintenance. The book is for everyone interested in superior sports performance, fast and effective rehabilitation from training and competition and sports injury prevention.</subfield>
      </datafield>
      <datafield ind1=" " ind2=" " tag="596">
         <subfield code="a">8</subfield>
      </datafield>
      <datafield ind1=" " ind2="0" tag="650">
         <subfield code="a">Sports</subfield>
         <subfield code="x">Physiological aspects.</subfield>
         <subfield code="0">http://id.loc.gov/authorities/subjects/sh85126898</subfield>
      </datafield>
      <datafield ind1=" " ind2="0" tag="650">
         <subfield code="a">Human mechanics.</subfield>
         <subfield code="0">http://id.loc.gov/authorities/subjects/sh85062883</subfield>
      </datafield>
      <datafield ind1="1" ind2=" " tag="700">
         <subfield code="a">Greenberg, Helen,</subfield>
         <subfield code="e">author.</subfield>
         <subfield code="0">http://viaf.org/viaf/55874518</subfield>
      </datafield>
      <datafield ind1="1" ind2=" " tag="700">
         <subfield code="a">Greenberg, Ronald,</subfield>
         <subfield code="e">author.</subfield>
         <subfield code="0">http://viaf.org/viaf/23390677</subfield>
      </datafield>
      <datafield ind1=" " ind2=" " tag="758">
         <subfield code="0">http://worldcat.org/entity/work/id/23797626</subfield>
      </datafield>
      <datafield ind1="0" ind2=" " tag="787">
         <subfield code="n">OCLC Work Id</subfield>
         <subfield code="o">http://worldcat.org/entity/work/id/23797626</subfield>
      </datafield>
      <datafield ind1=" " ind2=" " tag="926">
         <subfield code="a">RC 1235 I93 2015</subfield>
         <subfield code="w">LC</subfield>
         <subfield code="c">1</subfield>
         <subfield code="i">34917001370415</subfield>
         <subfield code="l">ON_SHELF</subfield>
         <subfield code="m">KEYANO</subfield>
         <subfield code="p">$101.37</subfield>
         <subfield code="r">Y</subfield>
         <subfield code="s">Y</subfield>
         <subfield code="t">BOOK</subfield>
         <subfield code="u">10/23/2014</subfield>
         <subfield code="o">.STAFF. Rec'd Nov/14 MW</subfield>
      </datafield>
   </record>
</collection>
